<?xml version="1.0" encoding="UTF-8"?><collection xmlns="http://www.loc.gov/MARC21/slim"><record><leader>00556nam--2200193-u-4500</leader><controlfield tag="001">000051991</controlfield><controlfield tag="002">20161230</controlfield><controlfield tag="005">20161230201049</controlfield><controlfield tag="008">090526s1000------------r-----000-0-eng-d</controlfield><datafield ind1=" " ind2=" " tag="020"><subfield code="a">0486415805</subfield></datafield><datafield ind1=" " ind2=" " tag="040"><subfield code="a">IFIN-HH</subfield></datafield><datafield ind1=" " ind2=" " tag="080"><subfield code="a">621.375.826:77.838</subfield></datafield><datafield ind1="1" ind2=" " tag="100"><subfield code="a">Kasper, Joseph E</subfield></datafield><datafield ind1="1" ind2="0" tag="245"><subfield code="a">The Complete Book of Holograms</subfield><subfield code="b">How They Work and How to Make Them</subfield><subfield code="c">Joseph E. Kasper; Steven A. Feller</subfield></datafield><datafield ind1=" " ind2=" " tag="260"><subfield code="a">Mineola</subfield><subfield code="b">Dover Publications</subfield><subfield code="c">2001</subfield></datafield><datafield ind1=" " ind2=" " tag="300"><subfield code="a">216 p</subfield></datafield><datafield ind1="1" ind2=" " tag="700"><subfield code="a">Feller, Steven A</subfield></datafield><datafield ind1=" " ind2=" " tag="852"><subfield code="a">82257</subfield><subfield code="c">77</subfield></datafield><datafield ind1=" " ind2=" " tag="CAT"><subfield code="a">Sys</subfield><subfield code="c">20111021</subfield><subfield code="h">085311</subfield></datafield></record></collection>